@book{horton,
  author = {Everitt P. Horton},
  title = {An Introduction to Applied Multivariate Analysis with R},
  year = {2011},
  month = {septiembre},
  isbn = {978-1-4419-9649-7}
}

@book{cuadras,
  author = {Carles M. Cuadras},
  title = {Nuevos Métodos de Análisis Multivariante},
  year = {2014},
  month = {septiembre},
  chapter = {2, 3},
  url = {https://gc.scalahed.com/recursos/files/r161r/w24899w/Semana5/METODOS_S5.pdf}
}

@online{amat,
  author = {Joaquin Amat},
  title = {Clustering y Heatmaps},
  year = {2017},
  month = {septiembre},
  url = {https://github.com/JoaquinAmatRodrigo/Estadistica-con-R/blob/master/PDF_format/37_Clustering_y_Heatmaps.pdf}
}

@online{bakker,
  author = {Jonathan D. Bakker},
  title = {Applied Multivariate Statistics in R},
  year = {2024},
  month = {enero},
  url = {https://uw.pressbooks.pub/appliedmultivariatestatistics}
}

@book{cryer,
  author = {Jonathan D. Cryer, Kung-Sik Chan},
  title = {Time Series Analysis With Applications in R},
  editor = {Springer},
  edition = {2º},
  year = {2008},
  isbn = {978-0-387-75958-6}
}

@book{pena,
  author = {Daniel Peña},
  title = {Análisis de Series Temporales},
  editor = {Alianza Editorial},
  year = {2010},
  isbn = {978-84-206-6945-8}
}
